<collection xmlns="http://www.loc.gov/MARC21/slim">
<record>
  <leader>00906nam0a22002171i 450 </leader>
  <controlfield tag="001">IT\ICCU\CNCE\053248</controlfield>
  <controlfield tag="005">20021015000000.0</controlfield>
  <datafield tag="012" ind1=" " ind2=" ">
    <subfield code="a">e-ta a-a- a.o? Coap (3) 1597 (R)</subfield>
    <subfield code="2">fei</subfield>
  </datafield>
  <datafield tag="100" ind1=" " ind2=" ">
    <subfield code="a">20021010d1597        0itac0103    ba</subfield>
  </datafield>
  <datafield tag="101" ind1=" " ind2=" ">
    <subfield code="a">ITA</subfield>
  </datafield>
  <datafield tag="102" ind1=" " ind2=" ">
    <subfield code="a">IT</subfield>
  </datafield>
  <datafield tag="140" ind1=" " ind2=" ">
    <subfield code="a">         MA                 </subfield>
  </datafield>
  <datafield tag="200" ind1="1" ind2=" ">
    <subfield code="a">Fortunio comedia di Vincenzo Giusti. A l&apos;illustre signor Gio. Battista Florio</subfield>
  </datafield>
  <datafield tag="205" ind1=" " ind2=" ">
    <subfield code="a">Ristampata, e con diligentia coretta</subfield>
  </datafield>
  <datafield tag="210" ind1=" " ind2=" ">
    <subfield code="a">In Venetia</subfield>
    <subfield code="c">appresso Marc&apos;Antonio Bonibelli</subfield>
    <subfield code="d">1597</subfield>
  </datafield>
  <datafield tag="215" ind1=" " ind2=" ">
    <subfield code="a">78 c.</subfield>
    <subfield code="d"></subfield>
  </datafield>
  <datafield tag="300" ind1=" " ind2=" ">
    <subfield code="a"></subfield>
  </datafield>
  <datafield tag="700" ind1=" " ind2="1">
    <subfield code="a">Giusti,</subfield>
    <subfield code="b">Vincenzo</subfield>
    <subfield code="3">IT\ICCU\CNCA\006166</subfield>
  </datafield>
  <datafield tag="790" ind1=" " ind2="1">
    <subfield code="a">Giusto,</subfield>
    <subfield code="b">Vincenzio</subfield>
    <subfield code="3">IT\ICCU\CNCA\020220</subfield>
    <subfield code="z">Giusti, Vincenzo</subfield>
  </datafield>
  <datafield tag="801" ind1=" " ind2="3">
    <subfield code="a">IT</subfield>
    <subfield code="b">ICCU</subfield>
    <subfield code="c">20201115</subfield>
  </datafield>
  <datafield tag="899" ind1=" " ind2=" ">
    <subfield code="a">Biblioteca nazionale centrale. Roma</subfield>
    <subfield code="1">RM0267</subfield>
    <subfield code="2">BVE CR</subfield>
  </datafield>
</record>
</collection>
